@incollection{Bengio+chapter2007,
author = {Bengio, Yoshua and LeCun, Yann},
booktitle = {Large Scale Kernel Machines},
publisher = {MIT Press},
title = {Scaling Learning Algorithms Towards {AI}},
year = {2007}
}

@article{Hinton06,
author = {Hinton, Geoffrey E. and Osindero, Simon and Teh, Yee Whye},
journal = {Neural Computation},
pages = {1527--1554},
title = {A Fast Learning Algorithm for Deep Belief Nets},
volume = {18},
year = {2006}
}

@book{goodfellow2016deep,
title={Deep learning},
author={Goodfellow, Ian and Bengio, Yoshua and Courville, Aaron, Yoshua},
volume={1},
year={2016},
publisher={MIT Press}
}

@misc{kingma2017adammethodstochasticoptimization,
      title={Adam: A Method for Stochastic Optimization},
      author={Diederik P. Kingma and Jimmy Ba},
      year={2017},
      eprint={1412.6980},
      archivePrefix={arXiv},
      primaryClass={cs.LG},
      url={https://arxiv.org/abs/1412.6980},
}

@misc{cmu_pronouncing_dictionary,
  author       = {Carnegie Mellon University},
  title        = {The Carnegie Mellon University Pronouncing Dictionary},
  year         = {2014},
  url          = {http://www.speech.cs.cmu.edu/cgi-bin/cmudict},
}

@misc{tensorflow_text_generation,
  author       = {{TensorFlow Team}},
  title        = {Text Generation with an RNN},
  year         = {2023},
  url          = {https://www.tensorflow.org/text/tutorials/text_generation},
  publisher    = {TensorFlow}
}

@misc{haiku4u,
  author = {null0pointer0},
  howpublished = {kaggle.com},
  title = {haiku4u},
  year = {2023},
  url = {https://www.kaggle.com/datasets/null0pointer0/haiku4u}
}

@misc{gutenberg_dataset,
  author       = {biglam},
  title        = {gutenberg-poetry-corpus},
  year         = {2022},
  url          = {https://huggingface.co/datasets/biglam/gutenberg-poetry-corpus},
}

@misc{LegislativeServicesBranch_2024,
  author       = {Legislative Services Branch},
  title        = {Consolidated federal laws of canada, copyright act},
  year         = {1985},
  url          = {https://laws-lois.justice.gc.ca/eng/acts/c-42/page-6.html#docCont},
}

@misc{haikugeneration,
  author = {Aguiar, Rui and Liao, Kevin},
  howpublished = {GitHub},
  title = {Haiku Generation},
  year = {2017},
  url = {https://github.com/raguiar2/haiku_generation/tree/master}
}


@article{Hinton06,
  author = {Hinton, Geoffrey E. and Osindero, Simon and Teh, Yee Whye},
  journal = {Neural Computation},
  pages = {1527--1554},
  title = {A Fast Learning Algorithm for Deep Belief Nets},
  volume = {18},
  year = {2006}
}

@misc{Jhalani_2020, title={Haiku dataset}, url={https://www.kaggle.com/datasets/hjhalani30/haiku-dataset}, howpublished={Kaggle}, author={Jhalani, Harshit}, year={2020}, month={Aug}}

@inproceedings{lewis2021syllable,
  title = {Syllable Neural Language Models for English Poem Generation},
  author = {Lewis, Danielle and Zugarini, Andrea and Alonso, Eduardo},
  booktitle = {12th International Conference on Computational Creativity (ICCC'21)},
  pages = {350--356},
  year = {2021},
  organization = {Association for Computational Creativity}
}

@article{novikovaenglish,
  title = {English and Chinese Poetry Generation Software Project: Deep Learning for the Processing and Interpretation of Literary Texts},
  author = {Novikova, Svetlana and Sagar, Sangeet and Lin, Peilu and Li, Meng and Markovic, Pavle},
  year = 2022
}

@inproceedings{popescu2022constrained,
  title = {Constrained Language Models for Interactive Poem Generation},
  author = {Popescu-Belis, Andrei and Atrio, Alex R and Minder, Valentin and Xanthos, Aris and Luthier, Gabriel and Mattei, Simon and Rodriguez, Antonio},
  booktitle = {Proceedings of the 13th Conference on Language Resources and Evaluation (LREC 2022)},
  year = {2022},
  organization = {20-25 June 2022}
}

@misc{Schwartz_2022, title={English phonetic and syllable count dictionary}, url={https://www.kaggle.com/datasets/schwartstack/english-phonetic-and-syllable-count-dictionary}, howpublished={Kaggle}, author={Schwartz, Jon}, year={2022}, month={Aug}}

@inproceedings{zhang2014chinese,
  title = {Chinese Poetry Generation with Recurrent Neural Networks},
  author = {Zhang, Xingxing and Lapata, Mirella},
  booktitle = {Proceedings of the 2014 Conference on Empirical Methods in Natural Language Processing (EMNLP)},
  pages = {670--680},
  year = {2014}
}




